HNHBK:1:3+000000028333+300+KA9120909361902+2+KA9120909361902:2'
HNVSK:998:3+PIN:2+998+1+2::15I1zGO86W4BAAB5RUrHhG?+owAQA+1:20191209:093620+2:2:13:@5@NOKEY:5:1+280:74090000:111111111111:V:1:1+0'
HNVSD:999:1+@28112@HNSHK:2:4+PIN:2+942+23999977+1+1+2::15I1zGO86W4BAAB5RUrHhG?+owAQA+2+1:20191209:093620+1:999:1+6:10:16+280:74090000:111111111111:S:0:0'
HIRMG:3:2+3060::Bitte beachten Sie die enthaltenen Warnungen/Hinweise.'
HIRMS:4:2:3+0020::*Umsatzbereitstellung erfolgreich+0901::*PIN g�ltig.+3920::Zugelassene TAN-Verfahren f�r den Benutzer:942'
HIRMS:5:2:4+3076::Starke Kundenauthentifizierung nicht notwendig.'
HITAN:6:6:4+4++noref+nochallenge'
HIKAZ:7:7:3+@27648@
  :20:STARTUMS
  :25:74090000/200490016
  :28C:0
  :60F:C191209EUR25061,02
  :61:191209D200,00NMSCKREF+
  :86:177?00EURO UEBERWEISUNG?105001
  ?20EREF+5de9f82ca4153c0f5b9328?218d
  ?22KREF+5de9f82ca4153c0f5b9328?238d/1
  ?24SVWZ+load is not allowed ER?25EF: 5de9f82ca4153c0f5b93288
  ?26d MSG-ID: 5de9f82ca4153c0f5?27b93288d IBAN: DE92760610250
  ?28001333941 BIC: GENODEF1LAU ?30GENODEF1LAU
  ?31DE92760610250001333941?32Jacek Michal und Anna Ciejk?33 a
  :61:191209D100,00NMSCKREF+
  :86:177?00EURO UEBERWEISUNG?105001
  ?20EREF+5de9f82ca4153c0f5b9328?2196
  ?22KREF+5de9f82ca4153c0f5b9328?2396/1
  ?24SVWZ+invalid purpose EREF: ?255de9f82ca4153c0f5b932896 MS
  ?26G-ID: 5de9f82ca4153c0f5b932?27896 IBAN: DE982925000001645
  ?2809313 BIC: BRLADE21BRS ?30BRLADE21BRS?31DE98292500000164509313
  ?32Karin von Thaden
  :61:191209D100,00NMSCKREF+
  :86:177?00EURO UEBERWEISUNG?105001
  ?20EREF+5de9f82ca4153c0f5b9328?217b
  ?22KREF+5de9f82ca4153c0f5b9328?237b/1
  ?24SVWZ+U497375902 EREF: 5de9f?2582ca4153c0f5b93287b MSG-ID:
  ?26 5de9f82ca4153c0f5b93287b I?27BAN: GB03BARC20594254896600
  ?28 BIC: BARCGB22 ?30BARCGB22?31GB03BARC20594254896600?32wirecard
  :61:191209D130,00NMSCKREF+
  :86:177?00EURO UEBERWEISUNG?105001
  ?20EREF+5de9f82ca4153c0f5b9328?217c
  ?22KREF+5de9f82ca4153c0f5b9328?237c/1
  ?24SVWZ+U333300982 EREF: 5de9f?2582ca4153c0f5b93287c MSG-ID:
  ?26 5de9f82ca4153c0f5b93287c I?27BAN: GB03BARC20594254896600
  ?28 BIC: BARCGB22 ?30BARCGB22?31GB03BARC20594254896600?32wirecard
  :61:191209D100,00NMSCKREF+
  :86:177?00EURO UEBERWEISUNG?105001
  ?20EREF+5de9f82ca4153c0f5b9328?217d
  ?22KREF+5de9f82ca4153c0f5b9328?237d/1
  ?24SVWZ+U576931910 EREF: 5de9f?2582ca4153c0f5b93287d MSG-ID:
  ?26 5de9f82ca4153c0f5b93287d I?27BAN: GB03BARC20594254896600
  ?28 BIC: BARCGB22 ?30BARCGB22?31GB03BARC20594254896600?32wirecard
  :61:191209D130,00NMSCKREF+
  :86:177?00EURO UEBERWEISUNG?105001
  ?20EREF+5de9f82ca4153c0f5b9328?217e
  ?22KREF+5de9f82ca4153c0f5b9328?237e/1
  ?24SVWZ+U660610369 EREF: 5de9f?2582ca4153c0f5b93287e MSG-ID:
  ?26 5de9f82ca4153c0f5b93287e I?27BAN: GB03BARC20594254896600
  ?28 BIC: BARCGB22 ?30BARCGB22?31GB03BARC20594254896600?32wirecard
  :61:191209D50,00NMSCKREF+
  :86:177?00EURO UEBERWEISUNG?105001
  ?20EREF+5de9f82ca4153c0f5b9328?217f
  ?22KREF+5de9f82ca4153c0f5b9328?237f/1
  ?24SVWZ+U160950497 EREF: 5de9f?2582ca4153c0f5b93287f MSG-ID:
  ?26 5de9f82ca4153c0f5b93287f I?27BAN: GB03BARC20594254896600
  ?28 BIC: BARCGB22 ?30BARCGB22?31GB03BARC20594254896600?32wirecard
  :61:191209D150,00NMSCKREF+
  :86:177?00EURO UEBERWEISUNG?105001
  ?20EREF+5de9f82ca4153c0f5b9328?2180
  ?22KREF+5de9f82ca4153c0f5b9328?2380/1
  ?24SVWZ+U389610532 EREF: 5de9f?2582ca4153c0f5b932880 MSG-ID:
  ?26 5de9f82ca4153c0f5b932880 I?27BAN: GB03BARC20594254896600
  ?28 BIC: BARCGB22 ?30BARCGB22?31GB03BARC20594254896600?32wirecard
  :61:191209D80,00NMSCKREF+
  :86:177?00EURO UEBERWEISUNG?105001
  ?20EREF+5de9f82ca4153c0f5b9328?2181
  ?22KREF+5de9f82ca4153c0f5b9328?2381/1
  ?24SVWZ+U901119120 EREF: 5de9f?2582ca4153c0f5b932881 MSG-ID:
  ?26 5de9f82ca4153c0f5b932881 I?27BAN: GB03BARC20594254896600
  ?28 BIC: BARCGB22 ?30BARCGB22?31GB03BARC20594254896600?32wirecard
  :61:191209D55,00NMSCKREF+
  :86:177?00EURO UEBERWEISUNG?105001
  ?20EREF+5de9f82ca4153c0f5b9328?2182
  ?22KREF+5de9f82ca4153c0f5b9328?2382/1
  ?24SVWZ+U774213707 EREF: 5de9f?2582ca4153c0f5b932882 MSG-ID:
  ?26 5de9f82ca4153c0f5b932882 I?27BAN: GB03BARC20594254896600
  ?28 BIC: BARCGB22 ?30BARCGB22?31GB03BARC20594254896600?32wirecard
  :61:191209D100,00NMSCKREF+
  :86:177?00EURO UEBERWEISUNG?105001
  ?20EREF+5de9f82ca4153c0f5b9328?2183
  ?22KREF+5de9f82ca4153c0f5b9328?2383/1
  ?24SVWZ+U900702390 EREF: 5de9f?2582ca4153c0f5b932883 MSG-ID:
  ?26 5de9f82ca4153c0f5b932883 I?27BAN: GB03BARC20594254896600
  ?28 BIC: BARCGB22 ?30BARCGB22?31GB03BARC20594254896600?32wirecard
  :61:191209D200,00NMSCKREF+
  :86:177?00EURO UEBERWEISUNG?105001
  ?20EREF+5de9f82ca4153c0f5b9328?2184
  ?22KREF+5de9f82ca4153c0f5b9328?2384/1
  ?24SVWZ+U610193943 EREF: 5de9f?2582ca4153c0f5b932884 MSG-ID:
  ?26 5de9f82ca4153c0f5b932884 I?27BAN: GB03BARC20594254896600
  ?28 BIC: BARCGB22 ?30BARCGB22?31GB03BARC20594254896600?32wirecard
  :61:191209D300,00NMSCKREF+
  :86:177?00EURO UEBERWEISUNG?105001
  ?20EREF+5de9f82ca4153c0f5b9328?2185
  ?22KREF+5de9f82ca4153c0f5b9328?2385/1
  ?24SVWZ+U638016427 EREF: 5de9f?2582ca4153c0f5b932885 MSG-ID:
  ?26 5de9f82ca4153c0f5b932885 I?27BAN: GB03BARC20594254896600
  ?28 BIC: BARCGB22 ?30BARCGB22?31GB03BARC20594254896600?32wirecard
  :61:191209D50,00NMSCKREF+
  :86:177?00EURO UEBERWEISUNG?105001
  ?20EREF+5de9f82ca4153c0f5b9328?2186
  ?22KREF+5de9f82ca4153c0f5b9328?2386/1
  ?24SVWZ+U524461489 EREF: 5de9f?2582ca4153c0f5b932886 MSG-ID:
  ?26 5de9f82ca4153c0f5b932886 I?27BAN: GB03BARC20594254896600
  ?28 BIC: BARCGB22 ?30BARCGB22?31GB03BARC20594254896600?32wirecard
  :61:191209D1000,00NMSCKREF+
  :86:177?00EURO UEBERWEISUNG?105001
  ?20EREF+5de9f82ca4153c0f5b9328?2187
  ?22KREF+5de9f82ca4153c0f5b9328?2387/1
  ?24SVWZ+U882013311 EREF: 5de9f?2582ca4153c0f5b932887 MSG-ID:
  ?26 5de9f82ca4153c0f5b932887 I?27BAN: GB03BARC20594254896600
  ?28 BIC: BARCGB22 ?30BARCGB22?31GB03BARC20594254896600?32wirecard
  :61:191209D40,00NMSCKREF+
  :86:177?00EURO UEBERWEISUNG?105001
  ?20EREF+5de9f82ca4153c0f5b9328?2188
  ?22KREF+5de9f82ca4153c0f5b9328?2388/1
  ?24SVWZ+U703128067 EREF: 5de9f?2582ca4153c0f5b932888 MSG-ID:
  ?26 5de9f82ca4153c0f5b932888 I?27BAN: GB03BARC20594254896600
  ?28 BIC: BARCGB22 ?30BARCGB22?31GB03BARC20594254896600?32wirecard
  :61:191209D200,00NMSCKREF+
  :86:177?00EURO UEBERWEISUNG?105001
  ?20EREF+5de9f82ca4153c0f5b9328?2189
  ?22KREF+5de9f82ca4153c0f5b9328?2389/1
  ?24SVWZ+U445637800 EREF: 5de9f?2582ca4153c0f5b932889 MSG-ID:
  ?26 5de9f82ca4153c0f5b932889 I?27BAN: GB03BARC20594254896600
  ?28 BIC: BARCGB22 ?30BARCGB22?31GB03BARC20594254896600?32wirecard
  :61:191209D150,00NMSCKREF+
  :86:177?00EURO UEBERWEISUNG?105001
  ?20EREF+5de9f82ca4153c0f5b9328?218a
  ?22KREF+5de9f82ca4153c0f5b9328?238a/1
  ?24SVWZ+U511891258 EREF: 5de9f?2582ca4153c0f5b93288a MSG-ID:
  ?26 5de9f82ca4153c0f5b93288a I?27BAN: GB03BARC20594254896600
  ?28 BIC: BARCGB22 ?30BARCGB22?31GB03BARC20594254896600?32wirecard
  :61:191209D400,00NMSCKREF+
  :86:177?00EURO UEBERWEISUNG?105001
  ?20EREF+5de9f82ca4153c0f5b9328?218b
  ?22KREF+5de9f82ca4153c0f5b9328?238b/1
  ?24SVWZ+U787040222 EREF: 5de9f?2582ca4153c0f5b93288b MSG-ID:
  ?26 5de9f82ca4153c0f5b93288b I?27BAN: GB03BARC20594254896600
  ?28 BIC: BARCGB22 ?30BARCGB22?31GB03BARC20594254896600?32wirecard
  :61:191209D55,00NMSCKREF+
  :86:177?00EURO UEBERWEISUNG?105001
  ?20EREF+5de9f82ca4153c0f5b9328?218c
  ?22KREF+5de9f82ca4153c0f5b9328?238c/1
  ?24SVWZ+U573906371 EREF: 5de9f?2582ca4153c0f5b93288c MSG-ID:
  ?26 5de9f82ca4153c0f5b93288c I?27BAN: GB03BARC20594254896600
  ?28 BIC: BARCGB22 ?30BARCGB22?31GB03BARC20594254896600?32wirecard
  :61:191209D600,00NMSCKREF+
  :86:177?00EURO UEBERWEISUNG?105001
  ?20EREF+5de9f82ca4153c0f5b9328?218f
  ?22KREF+5de9f82ca4153c0f5b9328?238f/1
  ?24SVWZ+U739328794 EREF: 5de9f?2582ca4153c0f5b93288f MSG-ID:
  ?26 5de9f82ca4153c0f5b93288f I?27BAN: GB03BARC20594254896600
  ?28 BIC: BARCGB22 ?30BARCGB22?31GB03BARC20594254896600?32wirecard
  :61:191209D2000,00NMSCKREF+
  :86:177?00EURO UEBERWEISUNG?105001
  ?20EREF+5de9f82ca4153c0f5b9328?2190
  ?22KREF+5de9f82ca4153c0f5b9328?2390/1
  ?24SVWZ+U881827755 EREF: 5de9f?2582ca4153c0f5b932890 MSG-ID:
  ?26 5de9f82ca4153c0f5b932890 I?27BAN: GB03BARC20594254896600
  ?28 BIC: BARCGB22 ?30BARCGB22?31GB03BARC20594254896600?32wirecard
  :61:191209D190,00NMSCKREF+
  :86:177?00EURO UEBERWEISUNG?105001
  ?20EREF+5de9f82ca4153c0f5b9328?2191
  ?22KREF+5de9f82ca4153c0f5b9328?2391/1
  ?24SVWZ+U557372396 EREF: 5de9f?2582ca4153c0f5b932891 MSG-ID:
  ?26 5de9f82ca4153c0f5b932891 I?27BAN: GB03BARC20594254896600
  ?28 BIC: BARCGB22 ?30BARCGB22?31GB03BARC20594254896600?32wirecard
  :61:191209D500,00NMSCKREF+
  :86:177?00EURO UEBERWEISUNG?105001
  ?20EREF+5de9f82ca4153c0f5b9328?2192
  ?22KREF+5de9f82ca4153c0f5b9328?2392/1
  ?24SVWZ+U511873249 EREF: 5de9f?2582ca4153c0f5b932892 MSG-ID:
  ?26 5de9f82ca4153c0f5b932892 I?27BAN: GB03BARC20594254896600
  ?28 BIC: BARCGB22 ?30BARCGB22?31GB03BARC20594254896600?32wirecard
  :61:191209D200,00NMSCKREF+
  :86:177?00EURO UEBERWEISUNG?105001
  ?20EREF+5de9f82ca4153c0f5b9328?2193
  ?22KREF+5de9f82ca4153c0f5b9328?2393/1
  ?24SVWZ+U481654700 EREF: 5de9f?2582ca4153c0f5b932893 MSG-ID:
  ?26 5de9f82ca4153c0f5b932893 I?27BAN: GB03BARC20594254896600
  ?28 BIC: BARCGB22 ?30BARCGB22?31GB03BARC20594254896600?32wirecard
  :61:191209D100,00NMSCKREF+
  :86:177?00EURO UEBERWEISUNG?105001
  ?20EREF+5de9f82ca4153c0f5b9328?2194
  ?22KREF+5de9f82ca4153c0f5b9328?2394/1
  ?24SVWZ+U221143992 EREF: 5de9f?2582ca4153c0f5b932894 MSG-ID:
  ?26 5de9f82ca4153c0f5b932894 I?27BAN: GB03BARC20594254896600
  ?28 BIC: BARCGB22 ?30BARCGB22?31GB03BARC20594254896600?32wirecard
  :61:191209D55,00NMSCKREF+
  :86:177?00EURO UEBERWEISUNG?105001
  ?20EREF+5de9f82ca4153c0f5b9328?2195
  ?22KREF+5de9f82ca4153c0f5b9328?2395/1
  ?24SVWZ+U538949544 EREF: 5de9f?2582ca4153c0f5b932895 MSG-ID:
  ?26 5de9f82ca4153c0f5b932895 I?27BAN: GB03BARC20594254896600
  ?28 BIC: BARCGB22 ?30BARCGB22?31GB03BARC20594254896600?32wirecard
  :61:191209D80,00NMSCKREF+
  :86:177?00EURO UEBERWEISUNG?105001
  ?20EREF+5de9f82ca4153c0f5b9328?2197
  ?22KREF+5de9f82ca4153c0f5b9328?2397/1
  ?24SVWZ+U576887924 EREF: 5de9f?2582ca4153c0f5b932897 MSG-ID:
  ?26 5de9f82ca4153c0f5b932897 I?27BAN: GB03BARC20594254896600
  ?28 BIC: BARCGB22 ?30BARCGB22?31GB03BARC20594254896600?32wirecard
  :61:191209D200,00NMSCKREF+
  :86:177?00EURO UEBERWEISUNG?105001
  ?20EREF+5de9f82ca4153c0f5b9328?2198
  ?22KREF+5de9f82ca4153c0f5b9328?2398/1
  ?24SVWZ+U886458390 EREF: 5de9f?2582ca4153c0f5b932898 MSG-ID:
  ?26 5de9f82ca4153c0f5b932898 I?27BAN: GB03BARC20594254896600
  ?28 BIC: BARCGB22 ?30BARCGB22?31GB03BARC20594254896600?32wirecard
  :61:191209D529,32NMSCKREF+
  :86:177?00EURO UEBERWEISUNG?105001
  ?20EREF+5de9f82ca4153c0f5b9328?2199
  ?22KREF+5de9f82ca4153c0f5b9328?2399/1
  ?24SVWZ+U543320174 EREF: 5de9f?2582ca4153c0f5b932899 MSG-ID:
  ?26 5de9f82ca4153c0f5b932899 I?27BAN: GB03BARC20594254896600
  ?28 BIC: BARCGB22 ?30BARCGB22?31GB03BARC20594254896600?32wirecard
  :61:191209D200,00NMSCKREF+
  :86:177?00EURO UEBERWEISUNG?105001
  ?20EREF+5de9f82ca4153c0f5b9328?219a
  ?22KREF+5de9f82ca4153c0f5b9328?239a/1
  ?24SVWZ+U739352998 EREF: 5de9f?2582ca4153c0f5b93289a MSG-ID:
  ?26 5de9f82ca4153c0f5b93289a I?27BAN: GB03BARC20594254896600
  ?28 BIC: BARCGB22 ?30BARCGB22?31GB03BARC20594254896600?32wirecard
  :61:191209D100,00NMSCKREF+
  :86:177?00EURO UEBERWEISUNG?105001
  ?20EREF+5de9f82ca4153c0f5b9328?219b
  ?22KREF+5de9f82ca4153c0f5b9328?239b/1
  ?24SVWZ+U497372193 EREF: 5de9f?2582ca4153c0f5b93289b MSG-ID:
  ?26 5de9f82ca4153c0f5b93289b I?27BAN: GB03BARC20594254896600
  ?28 BIC: BARCGB22 ?30BARCGB22?31GB03BARC20594254896600?32wirecard
  :61:191209D40,00NMSCKREF+
  :86:177?00EURO UEBERWEISUNG?105001
  ?20EREF+5de9f82ca4153c0f5b9328?219c
  ?22KREF+5de9f82ca4153c0f5b9328?239c/1
  ?24SVWZ+U717694728 EREF: 5de9f?2582ca4153c0f5b93289c MSG-ID:
  ?26 5de9f82ca4153c0f5b93289c I?27BAN: GB03BARC20594254896600
  ?28 BIC: BARCGB22 ?30BARCGB22?31GB03BARC20594254896600?32wirecard
  :61:191209D40,00NMSCKREF+
  :86:177?00EURO UEBERWEISUNG?105001
  ?20EREF+5de9f82ca4153c0f5b9328?219d
  ?22KREF+5de9f82ca4153c0f5b9328?239d/1
  ?24SVWZ+U115803077 EREF: 5de9f?2582ca4153c0f5b93289d MSG-ID:
  ?26 5de9f82ca4153c0f5b93289d I?27BAN: GB03BARC20594254896600
  ?28 BIC: BARCGB22 ?30BARCGB22?31GB03BARC20594254896600?32wirecard
  :61:191209D40,00NMSCKREF+
  :86:177?00EURO UEBERWEISUNG?105001
  ?20EREF+5de9f82ca4153c0f5b9328?219e
  ?22KREF+5de9f82ca4153c0f5b9328?239e/1
  ?24SVWZ+U175609012 EREF: 5de9f?2582ca4153c0f5b93289e MSG-ID:
  ?26 5de9f82ca4153c0f5b93289e I?27BAN: GB03BARC20594254896600
  ?28 BIC: BARCGB22 ?30BARCGB22?31GB03BARC20594254896600?32wirecard
  :61:191209D40,00NMSCKREF+
  :86:177?00EURO UEBERWEISUNG?105001
  ?20EREF+5de9f82ca4153c0f5b9328?219f
  ?22KREF+5de9f82ca4153c0f5b9328?239f/1
  ?24SVWZ+U706338281 EREF: 5de9f?2582ca4153c0f5b93289f MSG-ID:
  ?26 5de9f82ca4153c0f5b93289f I?27BAN: GB03BARC20594254896600
  ?28 BIC: BARCGB22 ?30BARCGB22?31GB03BARC20594254896600?32wirecard
  :61:191209D200,00NMSCKREF+
  :86:177?00EURO UEBERWEISUNG?105001
  ?20EREF+5de9f82ca4153c0f5b9328?21a0
  ?22KREF+5de9f82ca4153c0f5b9328?23a0/1
  ?24SVWZ+U555017461 EREF: 5de9f?2582ca4153c0f5b9328a0 MSG-ID:
  ?26 5de9f82ca4153c0f5b9328a0 I?27BAN: GB03BARC20594254896600
  ?28 BIC: BARCGB22 ?30BARCGB22?31GB03BARC20594254896600?32wirecard
  :61:191209D280,00NMSCKREF+
  :86:177?00EURO UEBERWEISUNG?105001
  ?20EREF+5de9f82ca4153c0f5b9328?21a1
  ?22KREF+5de9f82ca4153c0f5b9328?23a1/1
  ?24SVWZ+U576924910 EREF: 5de9f?2582ca4153c0f5b9328a1 MSG-ID:
  ?26 5de9f82ca4153c0f5b9328a1 I?27BAN: GB03BARC20594254896600
  ?28 BIC: BARCGB22 ?30BARCGB22?31GB03BARC20594254896600?32wirecard
  :61:191207C40,00NMSC
  :86:168?00GUTSCHRIFT?10931?20SVWZ+511898126 IBAN: DE5536
  ?215500000011187341 BIC: WELAD?22ED1OBH ABWA: Schleich Nancy
  ?23ABWA+Schleich Nancy ?30WELADED1OBH?31DE55365500000011187341
  ?32Nancy Schleich
  :61:191207C500,00NMSC
  :86:168?00GUTSCHRIFT?10931?20PURP+CASH Dispositionszahlu
  ?21SVWZ+557395203 IBAN: DE1220?220411440556684900 BIC: COBAD
  ?23EHD044 ?30COBADEHD044?31DE12200411440556684900?32Ryan Nazareth
  :61:191209D200,00NMSCKREF+
  :86:177?00EURO UEBERWEISUNG?105001
  ?20EREF+5deb49fda4153c0f5b9328?21d1
  ?22KREF+5deb49fda4153c0f5b9328?23d1/1
  ?24SVWZ+invalid identification?25 load is not possible EREF:
  ?26 5deb49fda4153c0f5b9328d1 M?27SG-ID: 5deb49fda4153c0f5b93
  ?2828d1 IBAN: DE50300209003280?29981980 BIC: CMCIDEDD ?30CMCIDEDD
  ?31DE50300209003280981980?32HEMEN KRAMER
  :61:191209D500,00NMSCKREF+
  :86:177?00EURO UEBERWEISUNG?105001
  ?20EREF+5deb49fda4153c0f5b9328?21d8
  ?22KREF+5deb49fda4153c0f5b9328?23d8/1
  ?24SVWZ+token does not exist E?25REF: 5deb49fda4153c0f5b9328
  ?26d8 MSG-ID: 5deb49fda4153c0f?275b9328d8 IBAN: DE0450190000
  ?280005633915 BIC: FFVBDEFF ?30FFVBDEFF?31DE04501900000005633915
  ?32Tanja Habeck
  :61:191209D60,00NMSCKREF+
  :86:177?00EURO UEBERWEISUNG?105001
  ?20EREF+5deb49fda4153c0f5b9328?21c9
  ?22KREF+5deb49fda4153c0f5b9328?23c9/1
  ?24SVWZ+U576855211 EREF: 5deb4?259fda4153c0f5b9328c9 MSG-ID:
  ?26 5deb49fda4153c0f5b9328c9 I?27BAN: GB03BARC20594254896600
  ?28 BIC: BARCGB22 ?30BARCGB22?31GB03BARC20594254896600?32wirecard
  :61:191209D500,00NMSCKREF+
  :86:177?00EURO UEBERWEISUNG?105001
  ?20EREF+5deb49fda4153c0f5b9328?21ca
  ?22KREF+5deb49fda4153c0f5b9328?23ca/1
  ?24SVWZ+U557373325 EREF: 5deb4?259fda4153c0f5b9328ca MSG-ID:
  ?26 5deb49fda4153c0f5b9328ca I?27BAN: GB03BARC20594254896600
  ?28 BIC: BARCGB22 ?30BARCGB22?31GB03BARC20594254896600?32wirecard
  :61:191209D800,00NMSCKREF+
  :86:177?00EURO UEBERWEISUNG?105001
  ?20EREF+5deb49fda4153c0f5b9328?21cb
  ?22KREF+5deb49fda4153c0f5b9328?23cb/1
  ?24SVWZ+U397212269 EREF: 5deb4?259fda4153c0f5b9328cb MSG-ID:
  ?26 5deb49fda4153c0f5b9328cb I?27BAN: GB03BARC20594254896600
  ?28 BIC: BARCGB22 ?30BARCGB22?31GB03BARC20594254896600?32wirecard
  :61:191209D3000,00NMSCKREF+
  :86:177?00EURO UEBERWEISUNG?105001
  ?20EREF+5deb49fda4153c0f5b9328?21cc
  ?22KREF+5deb49fda4153c0f5b9328?23cc/1
  ?24SVWZ+U882013311 EREF: 5deb4?259fda4153c0f5b9328cc MSG-ID:
  ?26 5deb49fda4153c0f5b9328cc I?27BAN: GB03BARC20594254896600
  ?28 BIC: BARCGB22 ?30BARCGB22?31GB03BARC20594254896600?32wirecard
  :61:191209D600,00NMSCKREF+
  :86:177?00EURO UEBERWEISUNG?105001
  ?20EREF+5deb49fda4153c0f5b9328?21cd
  ?22KREF+5deb49fda4153c0f5b9328?23cd/1
  ?24SVWZ+U372793954 EREF: 5deb4?259fda4153c0f5b9328cd MSG-ID:
  ?26 5deb49fda4153c0f5b9328cd I?27BAN: GB03BARC20594254896600
  ?28 BIC: BARCGB22 ?30BARCGB22?31GB03BARC20594254896600?32wirecard
  :61:191209D50,00NMSCKREF+
  :86:177?00EURO UEBERWEISUNG?105001
  ?20EREF+5deb49fda4153c0f5b9328?21ce
  ?22KREF+5deb49fda4153c0f5b9328?23ce/1
  ?24SVWZ+U259896408 EREF: 5deb4?259fda4153c0f5b9328ce MSG-ID:
  ?26 5deb49fda4153c0f5b9328ce I?27BAN: GB03BARC20594254896600
  ?28 BIC: BARCGB22 ?30BARCGB22?31GB03BARC20594254896600?32wirecard
  :61:191209D100,00NMSCKREF+
  :86:177?00EURO UEBERWEISUNG?105001
  ?20EREF+5deb49fda4153c0f5b9328?21cf
  ?22KREF+5deb49fda4153c0f5b9328?23cf/1
  ?24SVWZ+U600826520 EREF: 5deb4?259fda4153c0f5b9328cf MSG-ID:
  ?26 5deb49fda4153c0f5b9328cf I?27BAN: GB03BARC20594254896600
  ?28 BIC: BARCGB22 ?30BARCGB22?31GB03BARC20594254896600?32wirecard
  :61:191209D100,00NMSCKREF+
  :86:177?00EURO UEBERWEISUNG?105001
  ?20EREF+5deb49fda4153c0f5b9328?21d0
  ?22KREF+5deb49fda4153c0f5b9328?23d0/1
  ?24SVWZ+U482735374 EREF: 5deb4?259fda4153c0f5b9328d0 MSG-ID:
  ?26 5deb49fda4153c0f5b9328d0 I?27BAN: GB03BARC20594254896600
  ?28 BIC: BARCGB22 ?30BARCGB22?31GB03BARC20594254896600?32wirecard
  :61:191209D100,00NMSCKREF+
  :86:177?00EURO UEBERWEISUNG?105001
  ?20EREF+5deb49fda4153c0f5b9328?21d2
  ?22KREF+5deb49fda4153c0f5b9328?23d2/1
  ?24SVWZ+U318977748 EREF: 5deb4?259fda4153c0f5b9328d2 MSG-ID:
  ?26 5deb49fda4153c0f5b9328d2 I?27BAN: GB03BARC20594254896600
  ?28 BIC: BARCGB22 ?30BARCGB22?31GB03BARC20594254896600?32wirecard
  :61:191209D100,00NMSCKREF+
  :86:177?00EURO UEBERWEISUNG?105001
  ?20EREF+5deb49fda4153c0f5b9328?21d3
  ?22KREF+5deb49fda4153c0f5b9328?23d3/1
  ?24SVWZ+U651816422 EREF: 5deb4?259fda4153c0f5b9328d3 MSG-ID:
  ?26 5deb49fda4153c0f5b9328d3 I?27BAN: GB03BARC20594254896600
  ?28 BIC: BARCGB22 ?30BARCGB22?31GB03BARC20594254896600?32wirecard
  :61:191209D66,66NMSCKREF+
  :86:177?00EURO UEBERWEISUNG?105001
  ?20EREF+5deb49fda4153c0f5b9328?21d4
  ?22KREF+5deb49fda4153c0f5b9328?23d4/1
  ?24SVWZ+U397210578 EREF: 5deb4?259fda4153c0f5b9328d4 MSG-ID:
  ?26 5deb49fda4153c0f5b9328d4 I?27BAN: GB03BARC20594254896600
  ?28 BIC: BARCGB22 ?30BARCGB22?31GB03BARC20594254896600?32wirecard
  :61:191209D50,00NMSCKREF+
  :86:177?00EURO UEBERWEISUNG?105001
  ?20EREF+5deb49fda4153c0f5b9328?21d5
  ?22KREF+5deb49fda4153c0f5b9328?23d5/1
  ?24SVWZ+U352120663 EREF: 5deb4?259fda4153c0f5b9328d5 MSG-ID:
  ?26 5deb49fda4153c0f5b9328d5 I?27BAN: GB03BARC20594254896600
  ?28 BIC: BARCGB22 ?30BARCGB22?31GB03BARC20594254896600?32wirecard
  :61:191209D100,00NMSCKREF+
  :86:177?00EURO UEBERWEISUNG?105001
  ?20EREF+5deb49fda4153c0f5b9328?21d6
  ?22KREF+5deb49fda4153c0f5b9328?23d6/1
  ?24SVWZ+U221136509 EREF: 5deb4?259fda4153c0f5b9328d6 MSG-ID:
  ?26 5deb49fda4153c0f5b9328d6 I?27BAN: GB03BARC20594254896600
  ?28 BIC: BARCGB22 ?30BARCGB22?31GB03BARC20594254896600?32wirecard
  :61:191209D520,00NMSCKREF+
  :86:177?00EURO UEBERWEISUNG?105001
  ?20EREF+5deb49fda4153c0f5b9328?21d7
  ?22KREF+5deb49fda4153c0f5b9328?23d7/1
  ?24SVWZ+U581542587 EREF: 5deb4?259fda4153c0f5b9328d7 MSG-ID:
  ?26 5deb49fda4153c0f5b9328d7 I?27BAN: GB03BARC20594254896600
  ?28 BIC: BARCGB22 ?30BARCGB22?31GB03BARC20594254896600?32wirecard
  :61:191209D50,00NMSCKREF+
  :86:177?00EURO UEBERWEISUNG?105001
  ?20EREF+5deb49fda4153c0f5b9328?21d9
  ?22KREF+5deb49fda4153c0f5b9328?23d9/1
  ?24SVWZ+U166477517 EREF: 5deb4?259fda4153c0f5b9328d9 MSG-ID:
  ?26 5deb49fda4153c0f5b9328d9 I?27BAN: GB03BARC20594254896600
  ?28 BIC: BARCGB22 ?30BARCGB22?31GB03BARC20594254896600?32wirecard
  :61:191209D200,00NMSCKREF+
  :86:177?00EURO UEBERWEISUNG?105001
  ?20EREF+5deb49fda4153c0f5b9328?21da
  ?22KREF+5deb49fda4153c0f5b9328?23da/1
  ?24SVWZ+U372812897 EREF: 5deb4?259fda4153c0f5b9328da MSG-ID:
  ?26 5deb49fda4153c0f5b9328da I?27BAN: GB03BARC20594254896600
  ?28 BIC: BARCGB22 ?30BARCGB22?31GB03BARC20594254896600?32wirecard
  :61:191209D50,00NMSCKREF+
  :86:177?00EURO UEBERWEISUNG?105001
  ?20EREF+5deb49fda4153c0f5b9328?21db
  ?22KREF+5deb49fda4153c0f5b9328?23db/1
  ?24SVWZ+U610204464 EREF: 5deb4?259fda4153c0f5b9328db MSG-ID:
  ?26 5deb49fda4153c0f5b9328db I?27BAN: GB03BARC20594254896600
  ?28 BIC: BARCGB22 ?30BARCGB22?31GB03BARC20594254896600?32wirecard
  :61:191209D159,98NMSCKREF+
  :86:177?00EURO UEBERWEISUNG?105001
  ?20EREF+5deb49fda4153c0f5b9328?21dc
  ?22KREF+5deb49fda4153c0f5b9328?23dc/1
  ?24SVWZ+U701660899 EREF: 5deb4?259fda4153c0f5b9328dc MSG-ID:
  ?26 5deb49fda4153c0f5b9328dc I?27BAN: GB03BARC20594254896600
  ?28 BIC: BARCGB22 ?30BARCGB22?31GB03BARC20594254896600?32wirecard
  :61:191209D63,85NMSCKREF+
  :86:177?00EURO UEBERWEISUNG?105001
  ?20EREF+5deb49fda4153c0f5b9328?21dd
  ?22KREF+5deb49fda4153c0f5b9328?23dd/1
  ?24SVWZ+U702372431 EREF: 5deb4?259fda4153c0f5b9328dd MSG-ID:
  ?26 5deb49fda4153c0f5b9328dd I?27BAN: GB03BARC20594254896600
  ?28 BIC: BARCGB22 ?30BARCGB22?31GB03BARC20594254896600?32wirecard
  :61:191209D350,00NMSCKREF+
  :86:177?00EURO UEBERWEISUNG?105001
  ?20EREF+5deb49fda4153c0f5b9328?21de
  ?22KREF+5deb49fda4153c0f5b9328?23de/1
  ?24SVWZ+U221208767 EREF: 5deb4?259fda4153c0f5b9328de MSG-ID:
  ?26 5deb49fda4153c0f5b9328de I?27BAN: GB03BARC20594254896600
  ?28 BIC: BARCGB22 ?30BARCGB22?31GB03BARC20594254896600?32wirecard
  :61:191209D750,00NMSCKREF+
  :86:177?00EURO UEBERWEISUNG?105001
  ?20EREF+5deb49fda4153c0f5b9328?21df
  ?22KREF+5deb49fda4153c0f5b9328?23df/1
  ?24SVWZ+U595719900 EREF: 5deb4?259fda4153c0f5b9328df MSG-ID:
  ?26 5deb49fda4153c0f5b9328df I?27BAN: GB03BARC20594254896600
  ?28 BIC: BARCGB22 ?30BARCGB22?31GB03BARC20594254896600?32wirecard
  :61:191209D1680,00NMSCKREF+
  :86:177?00EURO UEBERWEISUNG?105001
  ?20EREF+5deb49fda4153c0f5b9328?21e0
  ?22KREF+5deb49fda4153c0f5b9328?23e0/1
  ?24SVWZ+U831819489 EREF: 5deb4?259fda4153c0f5b9328e0 MSG-ID:
  ?26 5deb49fda4153c0f5b9328e0 I?27BAN: GB03BARC20594254896600
  ?28 BIC: BARCGB22 ?30BARCGB22?31GB03BARC20594254896600?32wirecard
  :61:191209D50,00NMSCKREF+
  :86:177?00EURO UEBERWEISUNG?105001
  ?20EREF+5deb49fda4153c0f5b9328?21e1
  ?22KREF+5deb49fda4153c0f5b9328?23e1/1
  ?24SVWZ+U829287124 EREF: 5deb4?259fda4153c0f5b9328e1 MSG-ID:
  ?26 5deb49fda4153c0f5b9328e1 I?27BAN: GB03BARC20594254896600
  ?28 BIC: BARCGB22 ?30BARCGB22?31GB03BARC20594254896600?32wirecard
  :61:191209D200,00NMSCKREF+
  :86:177?00EURO UEBERWEISUNG?105001
  ?20EREF+5deb49fda4153c0f5b9328?21e2
  ?22KREF+5deb49fda4153c0f5b9328?23e2/1
  ?24SVWZ+U372756630 EREF: 5deb4?259fda4153c0f5b9328e2 MSG-ID:
  ?26 5deb49fda4153c0f5b9328e2 I?27BAN: GB03BARC20594254896600
  ?28 BIC: BARCGB22 ?30BARCGB22?31GB03BARC20594254896600?32wirecard
  :61:191209D40,00NMSCKREF+
  :86:177?00EURO UEBERWEISUNG?105001
  ?20EREF+5deb49fda4153c0f5b9328?21e3
  ?22KREF+5deb49fda4153c0f5b9328?23e3/1
  ?24SVWZ+U710536305 EREF: 5deb4?259fda4153c0f5b9328e3 MSG-ID:
  ?26 5deb49fda4153c0f5b9328e3 I?27BAN: GB03BARC20594254896600
  ?28 BIC: BARCGB22 ?30BARCGB22?31GB03BARC20594254896600?32wirecard
  :61:191209D150,00NMSCKREF+
  :86:177?00EURO UEBERWEISUNG?105001
  ?20EREF+5deb49fda4153c0f5b9328?21e4
  ?22KREF+5deb49fda4153c0f5b9328?23e4/1
  ?24SVWZ+U150571406 EREF: 5deb4?259fda4153c0f5b9328e4 MSG-ID:
  ?26 5deb49fda4153c0f5b9328e4 I?27BAN: GB03BARC20594254896600
  ?28 BIC: BARCGB22 ?30BARCGB22?31GB03BARC20594254896600?32wirecard
  :61:191209D2000,00NMSCKREF+
  :86:177?00EURO UEBERWEISUNG?105001
  ?20EREF+5deb49fda4153c0f5b9328?21e5
  ?22KREF+5deb49fda4153c0f5b9328?23e5/1
  ?24SVWZ+U333204156 EREF: 5deb4?259fda4153c0f5b9328e5 MSG-ID:
  ?26 5deb49fda4153c0f5b9328e5 I?27BAN: GB03BARC20594254896600
  ?28 BIC: BARCGB22 ?30BARCGB22?31GB03BARC20594254896600?32wirecard
  :61:191209D100,00NMSCKREF+
  :86:177?00EURO UEBERWEISUNG?105001
  ?20EREF+5deb49fda4153c0f5b9328?21e6
  ?22KREF+5deb49fda4153c0f5b9328?23e6/1
  ?24SVWZ+U431127707 EREF: 5deb4?259fda4153c0f5b9328e6 MSG-ID:
  ?26 5deb49fda4153c0f5b9328e6 I?27BAN: GB03BARC20594254896600
  ?28 BIC: BARCGB22 ?30BARCGB22?31GB03BARC20594254896600?32wirecard
  :61:191209D150,00NMSCKREF+
  :86:177?00EURO UEBERWEISUNG?105001
  ?20EREF+5deb49fda4153c0f5b9328?21e7
  ?22KREF+5deb49fda4153c0f5b9328?23e7/1
  ?24SVWZ+U511869310 EREF: 5deb4?259fda4153c0f5b9328e7 MSG-ID:
  ?26 5deb49fda4153c0f5b9328e7 I?27BAN: GB03BARC20594254896600
  ?28 BIC: BARCGB22 ?30BARCGB22?31GB03BARC20594254896600?32wirecard
  :61:191209D252,61NMSCKREF+
  :86:177?00EURO UEBERWEISUNG?105001
  ?20EREF+5deb49fda4153c0f5b9328?21e8
  ?22KREF+5deb49fda4153c0f5b9328?23e8/1
  ?24SVWZ+U771673002 EREF: 5deb4?259fda4153c0f5b9328e8 MSG-ID:
  ?26 5deb49fda4153c0f5b9328e8 I?27BAN: GB03BARC20594254896600
  ?28 BIC: BARCGB22 ?30BARCGB22?31GB03BARC20594254896600?32wirecard
  :61:191209D60,00NMSCKREF+
  :86:177?00EURO UEBERWEISUNG?105001
  ?20EREF+5deb49fda4153c0f5b9328?21e9
  ?22KREF+5deb49fda4153c0f5b9328?23e9/1
  ?24SVWZ+U643428173 EREF: 5deb4?259fda4153c0f5b9328e9 MSG-ID:
  ?26 5deb49fda4153c0f5b9328e9 I?27BAN: GB03BARC20594254896600
  ?28 BIC: BARCGB22 ?30BARCGB22?31GB03BARC20594254896600?32wirecard
  :61:191208C40,00NMSC
  :86:168?00GUTSCHRIFT?10931?20SVWZ+38958894 Waltraud Wend
  ?21inger IBAN: DE5776050101000?223345023 BIC: SSKNDE77XXX
  ?30SSKNDE77XXX?31DE57760501010003345023?32FRITZ WENDINGER
  :61:191208C40,00NMSC
  :86:168?00GUTSCHRIFT?10931?20SVWZ+768586421 IBAN: DE2278
  ?213500000092633023 BIC: BYLAD?22EM1COB?30BYLADEM1COB
  ?31DE22783500000092633023?32Wolff, Priska
  :61:191209C100,00NMSC
  :86:166?00GUTSCHRIFT?10931?20SVWZ+971558836 IBAN: DE6874
  ?210616700000033162 BIC: GENOD?22EF1ORT?30GENODEF1ORT
  ?31DE68740616700000033162?32Johannes Wellner
  :61:191209C250,00NMSC
  :86:166?00GUTSCHRIFT?10931?20SVWZ+333276234 IBAN: DE2250
  ?215922000001027042 BIC: GENOD?22E51DRE?30GENODE51DRE
  ?31DE22505922000001027042?32Thorsten Bruhns
  :61:191209C200,00NMSC
  :86:166?00GUTSCHRIFT?10931?20SVWZ+900909455 IBAN: DE4765
  ?214913200180843001 BIC: GENOD?22ES1VBL?30GENODES1VBL
  ?31DE47654913200180843001?32Manuel Mohr
  :61:191209C40,00NMSC
  :86:166?00GUTSCHRIFT?10931?20SVWZ+481121197Aufladung Mar
  ?21ina Zaraza IBAN: DE89610605?22000655682007 BIC: GENODES1V
  ?23GP ?30GENODES1VGP?31DE89610605000655682007
  ?32Marina Julia Zaraza
  :61:191209C50,00NMSC
  :86:166?00GUTSCHRIFT?10931?20SVWZ+206640089 IBAN: DE2055
  ?210905000002456362 BIC: GENOD?22EF1S01?30GENODEF1S01
  ?31DE20550905000002456362?32Bjoern Schneemann
  :61:191209C40,00NMSC
  :86:166?00GUTSCHRIFT?10931?20SVWZ+497341043 IBAN: DE3754
  ?210900000081178658 BIC: GENOD?22E61KL1?30GENODE61KL1
  ?31DE37540900000081178658?32Karl und Sabine Vigliante
  :61:191209C100,00NMSC
  :86:166?00GUTSCHRIFT?10931?20SVWZ+389576491 IBAN: DE3472
  ?210900000003296490 BIC: GENOD?22EF1AUB?30GENODEF1AUB
  ?31DE34720900000003296490?32Armin und Claudia Ott
  :61:191209C30,00NMSC
  :86:166?00GUTSCHRIFT?10931?20SVWZ+739327821 IBAN: DE7186
  ?210654684013001460 BIC: GENOD?22EF1DL1?30GENODEF1DL1
  ?31DE71860654684013001460?32Mirko Wenzel
  :61:191209C50,00NMSC
  :86:166?00GUTSCHRIFT?10931?20SVWZ+497344247 IBAN: DE1850
  ?210105175431000480 BIC: INGDD?22EFF?30INGDDEFF
  ?31DE18500105175431000480?32Lukas Pein
  :61:191209C150,00NSTO
  :86:152?00DAUERAUFTRAG?10931?20PURP+RINP Dauerauftrag/Rate
  ?21SVWZ+415173057 IBAN: DE6169?220618000048301606 BIC: GENOD
  ?23E61UBE ?30GENODE61UBE?31DE61690618000048301606?32Florian Maier
  :61:191209C200,00NMSC
  :86:166?00GUTSCHRIFT?10931?20SVWZ+135162152 IBAN: DE3960
  ?210908000000559695 BIC: GENOD?22EF1S02?30GENODEF1S02
  ?31DE39600908000000559695?32Mieth, Matthias o. Elke
  :61:191209C312,00NMSC
  :86:168?00GUTSCHRIFT?10931?20SVWZ+508775246 IBAN: DE1555
  ?213500100036002575 BIC: MALAD?22E51WOR?30MALADE51WOR
  ?31DE15553500100036002575?32MAXIMILIAN DEMLER
  :61:191209C500,00NMSC
  :86:166?00GUTSCHRIFT?10931?20SVWZ+739493528 IBAN: DE0450
  ?211900000005633915 BIC: FFVBD?22EFF?30FFVBDEFF
  ?31DE04501900000005633915?32Tanja Habeck
  :61:191209C500,00NMSC
  :86:166?00GUTSCHRIFT?10931?20SVWZ+223238991 IBAN: DE5642
  ?216501500002585453 BIC: WELAD?22ED1REK?30WELADED1REK
  ?31DE56426501500002585453?32SILLMANN, HANS HERMANN
  :61:191209C100,00NMSC
  :86:166?00GUTSCHRIFT?10931?20SVWZ+362229852 IBAN: DE1532
  ?214500000000787432 BIC: WELAD?22ED1KLE?30WELADED1KLE
  ?31DE15324500000000787432?32HERMSEN, ANGELA
  :61:191209C46,00NSTO
  :86:152?00DAUERAUFTRAG?10931?20PURP+RINP Dauerauftrag/Rate
  ?21SVWZ+768620285 IBAN: DE9153?220400120192676500 BIC: COBAD
  ?23EFF ?30COBADEFF?31DE91530400120192676500?32ELMAR HERMANN BUSS
  :62F:C191209EUR6211,60
  -'
  HNSHA:8:2+23999977'
'
HNHBS:9:1+1'
